% Encoding: UTF-8

@Online{Json2017,
  author       = {ECMA},
  date         = {2017},
  title        = {The JSON Data Interchange Syntax},
  url          = {https://www.ecma-international.org/publications/files/ECMA-ST-ARCH/ECMA-404 1st edition October 2013.pdf},
  organization = {ECMA International},
  urldate      = {2020-12-16},
}

@Comment{jabref-meta: databaseType:biblatex;}
