% Encoding: UTF-8

@PhdThesis{Nelson1981,
  author = {Bruce Jay Nelson},
  title  = {Remote Procedure Call},
  url    = {https://ia801900.us.archive.org/22/items/bitsavers_xeroxparctoteProcedureCall_14151614/CSL-81-9_Remote_Procedure_Call.pdf},
  file   = {:CSL-81-9_Remote_Procedure_Call.pdf:PDF},
  school = {Carnegie-Mellon University},
  year   = {1981},
}

@Online{Json2017,
  author       = {ECMA},
  date         = {2017},
  title        = {The JSON Data Interchange Syntax},
  url          = {https://www.ecma-international.org/publications/files/ECMA-ST-ARCH/ECMA-404 1st edition October 2013.pdf},
  organization = {ECMA International},
  urldate      = {2020-12-16},
}

@Online{gRPC,
  author = {gRPC Authors},
  title  = {gRPC, A high-performance, open source universal RPC framework},
  url    = {https://grpc.io/},
}

@Online{Google,
  author       = {Google},
  title        = {Protocol Buffers},
  url          = {https://developers.google.com/protocol-buffers},
  organization = {Google},
}

@Online{Foundation2018,
  author = {Cloud Native Computing Foundation},
  date   = {2018-12-04},
  title  = {Netflix: Increasing developer productivity and defeating the thundering herd with gRPC},
  url    = {https://www.cncf.io/case-studies/netflix/},
}

@Online{Fernando2019,
  author = {Ruwan Fernando},
  date   = {2019-04-03},
  title  = {Evaluating Performance of REST vs. gRPC},
  url    = {https://medium.com/@EmperorRXF/evaluating-performance-of-rest-vs-grpc-1b8bdf0b22da},
}

@Comment{jabref-meta: databaseType:biblatex;}
